<?xml version="1.0" encoding="UTF-8"?><collection xmlns="http://www.loc.gov/MARC21/slim"><record><leader>00521nam--2200181-i-4500</leader><controlfield tag="001">000008206</controlfield><controlfield tag="002">20161230</controlfield><controlfield tag="005">20161230201027</controlfield><controlfield tag="008">060222s1000------------r-----000-0-eng-d</controlfield><datafield ind1=" " ind2=" " tag="040"><subfield code="a">IFIN-HH</subfield></datafield><datafield ind1=" " ind2=" " tag="080"><subfield code="a">531.011</subfield></datafield><datafield ind1="1" ind2=" " tag="100"><subfield code="a">Becker, Robert A</subfield></datafield><datafield ind1="1" ind2="0" tag="245"><subfield code="a">Introduction to theoretical mechanics</subfield><subfield code="c">Robert A. Becker</subfield></datafield><datafield ind1=" " ind2=" " tag="260"><subfield code="a">New York, Mcgraww-hill Book Co., Inc., 1954</subfield></datafield><datafield ind1=" " ind2=" " tag="300"><subfield code="a">XIII + 420 P</subfield></datafield><datafield ind1=" " ind2=" " tag="490"><subfield code="a">International Series In Pure And Applied Physics</subfield></datafield><datafield ind1=" " ind2=" " tag="852"><subfield code="a">27435</subfield><subfield code="c">531</subfield></datafield><datafield ind1=" " ind2=" " tag="CAT"><subfield code="a">Sys</subfield><subfield code="c">20100623</subfield><subfield code="h">115336</subfield></datafield></record></collection>